@article{labo,
  title = {Informe de laboratorio 02 “Transformador Monofásico”},
  month = may,
  year = 2016,
  pages = {15-16},
  note = {Accessed: 2020-06-22},
  annote = {Usamos los resultados de este informe de laboratorio.}
}